@article{de2010multi,
  title={Multi-agent simulations of the evolution of combinatorial phonology},
  author={De Boer, Bart and Zuidema, Willem},
  journal={Adaptive Behavior},
  volume={18},
  number={2},
  pages={141--154},
  year={2010},
  publisher={SAGE Publications Sage UK: London, England}
}

@article{erdos1959r,
  title={A. R/’enyi,“On random graphs,”},
  author={Erd{\"o}s, Paul},
  journal={Publicationes Mathematicae},
  volume={6},
  pages={290--297},
  year={1959}
}

